<record><leader>00000cas a22000007a 4500</leader><controlfield tag="001">11512254</controlfield><controlfield tag="008">841219d1918192umtuwr ne      0    0eng d</controlfield><datafield ind1=" " ind2=" " tag="010"><subfield code="a">sn 84036294 </subfield></datafield><datafield ind1=" " ind2=" " tag="040"><subfield code="a">MTL</subfield><subfield code="b">eng</subfield><subfield code="c">MTL</subfield><subfield code="d">OCLCQ</subfield></datafield><datafield ind1=" " ind2=" " tag="042"><subfield code="a">msc</subfield></datafield><datafield ind1="0" ind2="0" tag="245"><subfield code="a">Hill County leader.</subfield></datafield><datafield ind1=" " ind2=" " tag="260"><subfield code="a">Joplin, Mont. :</subfield><subfield code="b">A. Olsson</subfield></datafield><datafield ind1=" " ind2=" " tag="300"><subfield code="a">v. :</subfield><subfield code="b">ill.</subfield></datafield><datafield ind1=" " ind2=" " tag="310"><subfield code="a">Weekly</subfield></datafield><datafield ind1=" " ind2=" " tag="500"><subfield code="a">"Independent." Cf. Montana newspaper directory, 1920.</subfield></datafield><datafield ind1=" " ind2=" " tag="588"><subfield code="a">Description based on: Vol. 7, no. 36 (Aug. 8, 1918).</subfield></datafield><datafield ind1=" " ind2=" " tag="752"><subfield code="a">United States</subfield><subfield code="b">Montana</subfield><subfield code="c">Liberty</subfield><subfield code="d">Joplin.</subfield></datafield><datafield ind1="0" ind2="0" tag="780"><subfield code="t">Joplin times</subfield><subfield code="w">(DLC)sn 84036293</subfield></datafield><datafield ind1="0" ind2="5" tag="780"><subfield code="t">Rudyard dispatch</subfield><subfield code="g">Aug. 29, 1918</subfield><subfield code="w">(DLC)sn 85053272</subfield></datafield><datafield ind1="1" ind2=" " tag="029"><subfield code="a">AU@</subfield><subfield code="b">000025812249</subfield></datafield></record>